<record><leader>00000cas a22000007a 4500</leader><controlfield tag="001">29944670</controlfield><controlfield tag="008">940310d19531955mauwr ne      0    0eng d</controlfield><datafield ind1=" " ind2=" " tag="010"><subfield code="a">sn 94055562 </subfield></datafield><datafield ind1=" " ind2=" " tag="040"><subfield code="a">MGN</subfield><subfield code="b">eng</subfield><subfield code="c">MGN</subfield><subfield code="d">OCLCQ</subfield></datafield><datafield ind1=" " ind2=" " tag="042"><subfield code="a">msc</subfield></datafield><datafield ind1="0" ind2="0" tag="245"><subfield code="a">Fall River transcript.</subfield></datafield><datafield ind1=" " ind2=" " tag="260"><subfield code="a">Fall River, Mass. :</subfield><subfield code="b">[WALE]</subfield></datafield><datafield ind1=" " ind2=" " tag="300"><subfield code="a">v.</subfield></datafield><datafield ind1=" " ind2=" " tag="310"><subfield code="a">Weekly</subfield></datafield><datafield ind1="0" ind2=" " tag="362"><subfield code="a">-v. [4], no. 14 (Sept. 8, 1955).</subfield></datafield><datafield ind1="1" ind2=" " tag="362"><subfield code="a">Began in Oct. 1953.</subfield></datafield><datafield ind1=" " ind2=" " tag="500"><subfield code="a">WALE is a radio station in Fall River.</subfield></datafield><datafield ind1=" " ind2=" " tag="515"><subfield code="a">Issues for -Sept. 8, 1955 called also -3rd yr., no. 14.</subfield></datafield><datafield ind1=" " ind2=" " tag="588"><subfield code="a">Description based on: Vol. 1, no. 2 (Oct. 29, 1953).</subfield></datafield><datafield ind1=" " ind2=" " tag="752"><subfield code="a">United States</subfield><subfield code="b">Massachusetts</subfield><subfield code="c">Bristol</subfield><subfield code="d">Fall River.</subfield></datafield><datafield ind1="0" ind2="0" tag="780"><subfield code="t">Fall River Sunday transcript (Fall River, Mass. : 1953)</subfield><subfield code="w">(DLC)sn 94055561</subfield></datafield><datafield ind1="0" ind2="0" tag="785"><subfield code="t">Transcript (Fall River, Mass. : 1955)</subfield><subfield code="w">(DLC)sn 94055563</subfield></datafield></record>